@article{article,
	author = {Przybyła, Piotr and Sznajd-Weron, Katarzyna and Weron, Rafał},
	year = {2014},
	month = {04},
	pages = {},
	title = {DIFFUSION OF INNOVATION WITHIN AN AGENT-BASED MODEL: SPINSONS, INDEPENDENCE AND ADVERTISING},
	volume = {17},
	journal = {Advances in Complex Systems},
	doi = {10.1142/S0219525914500040}
}